<record><leader>00000cas a22000007a 4500</leader><controlfield tag="001">12819733</controlfield><controlfield tag="008">851119d19181963wiuwr ne      0    0eng d</controlfield><datafield ind1=" " ind2=" " tag="010"><subfield code="a">sn 85041443 </subfield></datafield><datafield ind1=" " ind2=" " tag="040"><subfield code="a">NPV</subfield><subfield code="b">eng</subfield><subfield code="c">NPV</subfield><subfield code="d">OCLCQ</subfield></datafield><datafield ind1=" " ind2=" " tag="042"><subfield code="a">msc</subfield></datafield><datafield ind1=" " ind2=" " tag="045"><subfield code="a">x1x6</subfield></datafield><datafield ind1=" " ind2=" " tag="052"><subfield code="a">4123</subfield><subfield code="b">C5</subfield><subfield code="b">M3</subfield></datafield><datafield ind1="0" ind2="4" tag="245"><subfield code="a">The Colby phonograph.</subfield></datafield><datafield ind1="1" ind2="3" tag="246"><subfield code="a">Phonograph</subfield></datafield><datafield ind1="1" ind2="3" tag="246"><subfield code="a">Abbotsford news</subfield></datafield><datafield ind1=" " ind2=" " tag="260"><subfield code="a">Colby, Wis. :</subfield><subfield code="b">Gessert &amp; Buchholz,</subfield><subfield code="c">1918-1963.</subfield></datafield><datafield ind1=" " ind2=" " tag="300"><subfield code="a">v. :</subfield><subfield code="b">ill.</subfield></datafield><datafield ind1=" " ind2=" " tag="310"><subfield code="a">Weekly</subfield></datafield><datafield ind1="0" ind2=" " tag="362"><subfield code="a">Vol. 40, no. 32 (Mar. 21, 1918)-v. 84, no. 24 (Jan. 31, 1963).</subfield></datafield><datafield ind1=" " ind2=" " tag="500"><subfield code="a">Publisher varies.</subfield></datafield><datafield ind1=" " ind2=" " tag="500"><subfield code="a">Added masthead: The Abbotsford News.</subfield></datafield><datafield ind1=" " ind2=" " tag="500"><subfield code="a">Editor: A.P. Gessert, April 24, 1919-Feb. 26, 1920.</subfield></datafield><datafield ind1=" " ind2=" " tag="525"><subfield code="a">Supplements accompany some issues.</subfield></datafield><datafield ind1=" " ind2=" " tag="530"><subfield code="a">Available on microfilm from The State Historical Society of Wisconsin.</subfield></datafield><datafield ind1=" " ind2=" " tag="752"><subfield code="a">United States</subfield><subfield code="b">Wisconsin</subfield><subfield code="c">Clark</subfield><subfield code="d">Colby.</subfield></datafield><datafield ind1=" " ind2=" " tag="752"><subfield code="a">United States</subfield><subfield code="b">Wisconsin</subfield><subfield code="c">Marathon</subfield><subfield code="d">Colby.</subfield></datafield><datafield ind1=" " ind2=" " tag="752"><subfield code="a">United States</subfield><subfield code="b">Wisconsin</subfield><subfield code="c">Clark</subfield><subfield code="d">Abbotsford.</subfield></datafield><datafield ind1=" " ind2=" " tag="752"><subfield code="a">United States</subfield><subfield code="b">Wisconsin</subfield><subfield code="c">Marathon</subfield><subfield code="d">Abbotsford.</subfield></datafield><datafield ind1="0" ind2="0" tag="780"><subfield code="t">Phonograph</subfield><subfield code="w">(DLC)sn 85041442</subfield></datafield><datafield ind1="0" ind2="0" tag="785"><subfield code="t">Tribune-phonograph</subfield><subfield code="w">(DLC)sn 84024883</subfield></datafield><datafield ind1="1" ind2=" " tag="029"><subfield code="a">AU@</subfield><subfield code="b">000025815668</subfield></datafield></record>